@inproceedings{ddntool10:ross,
  author = {Miller, Ross and Hill, Jason and Dillow, David A. and Gunasekaran, Raghul and Shipman, Galen M
. and Maxwell, Don},
  title = {Monitoring Tools For Large Scale Systems},
  booktitle = {Proceedings of Cray User Group Conference (CUG 2010)},
  month = {May},
  year  = {2010}
}

